@article{andreadis2025,
  author       = {Andreadis, Lefteris and Kalotychou, Eleni and Chatzikonstantinou, Manolis and Louca, Christodoulos and Makridis, Christos A.},
  title        = {Local Heterogeneity in Artificial Intelligence Jobs Over Time and Space},
  journal      = {American Economic Review: Papers \& Proceedings},
  year         = {2025},
  volume       = {115},
  number       = {5},
  pages        = {xx--xx},
  note         = {Forthcoming},
  url          = {https://mhatzikonstantinou.github.io/pdfs/AERp_p_paper.pdf}
}
